<record><leader>00000cas a22000007a 4500</leader><controlfield tag="001">15287413</controlfield><controlfield tag="008">870309d19531954inuwr ne      0    0eng d</controlfield><datafield ind1=" " ind2=" " tag="010"><subfield code="a">sn 87055433 </subfield></datafield><datafield ind1=" " ind2=" " tag="040"><subfield code="a">NPI</subfield><subfield code="b">eng</subfield><subfield code="c">NPI</subfield><subfield code="d">OCLCQ</subfield></datafield><datafield ind1=" " ind2=" " tag="042"><subfield code="a">msc</subfield></datafield><datafield ind1="0" ind2=" " tag="130"><subfield code="a">Darlington dispatch (Darlington, Ind. : 1953)</subfield></datafield><datafield ind1="1" ind2="4" tag="245"><subfield code="a">The Darlington dispatch.</subfield></datafield><datafield ind1=" " ind2=" " tag="260"><subfield code="a">Darlington, Ind. :</subfield><subfield code="b">Donald M. Wright,</subfield><subfield code="c">1953-1954.</subfield></datafield><datafield ind1=" " ind2=" " tag="310"><subfield code="a">Weekly</subfield></datafield><datafield ind1="0" ind2=" " tag="362"><subfield code="a">Vol. 1, no. 5 (June 4, 1953)-v. 1, no. 47 (Apr. 22, 1954).</subfield></datafield><datafield ind1=" " ind2=" " tag="752"><subfield code="a">United States</subfield><subfield code="b">Indiana</subfield><subfield code="c">Montgomery</subfield><subfield code="d">Darlington.</subfield></datafield><datafield ind1="0" ind2="0" tag="780"><subfield code="t">Darlington "?"</subfield><subfield code="w">(DLC)sn 87055432</subfield></datafield><datafield ind1="0" ind2="0" tag="785"><subfield code="t">Dispatch (Darlington, Ind.)</subfield><subfield code="w">(DLC)sn 87055434</subfield></datafield></record>